@misc{url:levenshtein,
url={https://www.geeksforgeeks.org/introduction-to-levenshtein-distance/},
}
@misc{url:commit,
url={https://whatthecommit.com/},
}
@misc{url:matplotlib,
url={https://www.tutorialspoint.com/how-to-find-tags-near-to-mouse-click-in-tkinter-python-gui}
}

@misc{url:report,
url={https://www.overleaf.com/latex/templates/the-university-of-alabama-letter/gjjyckkksphb}}

@misc{url:quartile,
url={https://en.wikipedia.org/wiki/Quartile}
}

@misc{url:sorting_1,
url={https://stackoverflow.com/questions/22666799/sorting-numerically-with-awk-gawk}}

@misc{url:sorting_2,
url={https://www.gnu.org/software/gawk/manual/html_node/Array-Sorting-Functions.html}}