@misc {url:github,
    url = {https://github.com/AdityaNeeraje/CS108_Bash_Grader}
}